<?xml version="1.0" encoding="UTF-8"?><collection xmlns="http://www.loc.gov/MARC21/slim"><record><leader>00471nam--2200181-i-4500</leader><controlfield tag="001">000009907</controlfield><controlfield tag="002">20161230</controlfield><controlfield tag="005">20161230201028</controlfield><controlfield tag="008">060222s1000------------r-----000-0-eng-d</controlfield><datafield ind1=" " ind2=" " tag="040"><subfield code="a">IFIN-HH</subfield></datafield><datafield ind1=" " ind2=" " tag="080"><subfield code="a">537.312.62</subfield></datafield><datafield ind1="1" ind2=" " tag="100"><subfield code="a">Williams, J. E. C</subfield></datafield><datafield ind1="1" ind2="0" tag="245"><subfield code="a">Superconductivity and its applications</subfield><subfield code="c">J.e.c. williams</subfield></datafield><datafield ind1=" " ind2=" " tag="260"><subfield code="a">London</subfield><subfield code="b">Pion Ltd</subfield><subfield code="c">1979</subfield></datafield><datafield ind1=" " ind2=" " tag="300"><subfield code="a">213P</subfield></datafield><datafield ind1=" " ind2=" " tag="490"><subfield code="a">Appled Pgysics Series, 4</subfield></datafield><datafield ind1=" " ind2=" " tag="852"><subfield code="a">34545</subfield><subfield code="c">53</subfield></datafield><datafield ind1=" " ind2=" " tag="CAT"><subfield code="a">Sys</subfield><subfield code="c">20150310</subfield><subfield code="h">093912</subfield></datafield></record></collection>